<?xml version="1.0" encoding="UTF-8"?><collection xmlns="http://www.loc.gov/MARC21/slim"><record><leader>00360nam--2200121-i-4500</leader><controlfield tag="001">000039397</controlfield><controlfield tag="002">20161230</controlfield><controlfield tag="005">20161230201042</controlfield><controlfield tag="008">060222s1000------------r-----000-0-eng-d</controlfield><datafield ind1=" " ind2=" " tag="080"><subfield code="a">620.179.6</subfield></datafield><datafield ind1=" " ind2=" " tag="245"><subfield code="a">Prelucrarea mecanica a metalelor. (din experienta uzinei constructoare de masini din novo-kramatorsk)</subfield></datafield><datafield ind1=" " ind2=" " tag="260"><subfield code="a">Bucuresti, I.D.T., 1954, 48p</subfield></datafield><datafield ind1=" " ind2=" " tag="852"><subfield code="a">26517</subfield></datafield></record></collection>